<?xml version="1.0" encoding="UTF-8"?>
<collection xmlns:xsi="http://www.w3.org/2001/XMLSchema-instance" xsi:schemaLocation="http://www.loc.gov/MARC21/slim http://www.loc.gov/standards/marcxml/schema/MARC21slim.xsd" xmlns="http://www.loc.gov/MARC21/slim">
<record>
  <leader>00753cam a2200229Ia 4500</leader>
  <controlfield tag="001">3235682</controlfield>
  <controlfield tag="003">NNC</controlfield>
  <controlfield tag="005">20140317144121.0</controlfield>
  <controlfield tag="008">990112s1883    tu            000 0 araod</controlfield>
  <datafield tag="035" ind1=" " ind2=" ">
    <subfield code="9">AUK8582CU</subfield>
  </datafield>
  <datafield tag="035" ind1=" " ind2=" ">
    <subfield code="a">(OCoLC)ocm11512641</subfield>
  </datafield>
  <datafield tag="035" ind1=" " ind2=" ">
    <subfield code="a">(OCoLC)11512641</subfield>
  </datafield>
  <datafield tag="035" ind1=" " ind2=" ">
    <subfield code="a">(NNC)3235682</subfield>
  </datafield>
  <datafield tag="040" ind1=" " ind2=" ">
    <subfield code="a">WAU</subfield>
    <subfield code="b">eng</subfield>
    <subfield code="c">WAU</subfield>
    <subfield code="d">CGU</subfield>
    <subfield code="d">OCLCQ</subfield>
  </datafield>
  <datafield tag="090" ind1=" " ind2=" ">
    <subfield code="a">PJ7541</subfield>
    <subfield code="b">.M32 1883</subfield>
  </datafield>
  <datafield tag="245" ind1="0" ind2="0">
    <subfield code="a">Kitāb Majmūʻat al-maʻānī :</subfield>
    <subfield code="b">hādhā al-kitāb al-badīʻ wa-al-muʼallif al-sanīʻ lam yudhkar fīh ism muʼallifih ...</subfield>
  </datafield>
  <datafield tag="246" ind1="3" ind2="0">
    <subfield code="a">Majmūʻat al-maʻānī</subfield>
  </datafield>
  <datafield tag="250" ind1=" " ind2=" ">
    <subfield code="a">al-Ṭabʻah 1.</subfield>
  </datafield>
  <datafield tag="260" ind1=" " ind2=" ">
    <subfield code="a">Qusṭantīnīyah :</subfield>
    <subfield code="b">Maṭbaʻat al-Jawāʼib,</subfield>
    <subfield code="c">1301 [1883 or 1884]</subfield>
  </datafield>
  <datafield tag="300" ind1=" " ind2=" ">
    <subfield code="a">221, 6 p. ;</subfield>
    <subfield code="c">23 cm.</subfield>
  </datafield>
  <datafield tag="650" ind1=" " ind2="0">
    <subfield code="a">Arabic poetry.</subfield>
  </datafield>
  <datafield tag="955" ind1=" " ind2=" ">
    <subfield code="b">CU58976140</subfield>
    <subfield code="d">off,glx</subfield>
    <subfield code="e">893.741 M28</subfield>
  </datafield>
</record>
</collection>